11111111111111111111111111111111111111111111111111111111111111111111111111111111111111111111111111111111111111111111111111111111111111111111111111111111111111111111111111111111111111111111111111111111111111111
2222222222222222222222
333333333333333333333333333333333333

helloworld  xiugai

yong-----------444444444444444444
diergezhanggao xiugaile

yong-1125xiugaile 111111111111111111111


yong-1125ercixiugai22222222222222222222

11111111111111111111111111111111
yong-1125 three cixiugai

jia-1125 woyexiugaile addddddddd


jia44444444444444444xiugai